@misc{ bgsa,
       author = "Esmat Rashedi and Hossein Nezamabadi-pour and Saeid Saryazdi",
       title = "BGSA: Binary Gravitational Search Algorithm",
       howpublished = "Natural Computing",
       year = 2010
       }
@misc{ gsa,
       author = "Esmat Rashedi and Hossein Nezamabadi-pour and Saeid Saryazdi",
       title = "GSA: A Gravitational Search Algorithm",
       howpublished = "Information Sciences",
       year = 2009
       }
@misc{ gsa-analysis,
       author = "Himanshu Mittal and Ashish Tripathi and Avinash Chandra Pandey and Raju Pal",
       title = "Gravitational search algorithm: a comprehensive analysis of recent variants",
       howpublished = "Multimedia Tools and Applications",
       year = 2020
       }
@misc{ gsa-improvement,
       author = "Ihcène Naâs and Sameh Kessentini",
       title = "GSA improvement via the von Neumann stability analysis",
       howpublished = "Natural Computing",
       year = 2021
       }
@misc{ israel,
       author = "Israel Carlos Rebollo Ruiz",
       title = "Gravitational Swarm Intelligence for Graph coloring",
       year = 2012
       }
@misc{ toroidal,
       author = "Padraic Bartlett",
       title = "Toroidal Graphs",
       year = 2015
       }
